@MISC{MSDN_Ubuntu,
    author = {Microsoft Corporation.},
    title = {{"Install the .NET SDK or the .NET Runtime on Ubuntu"}},
    howpublished = {published electronically at \url {https://docs.microsoft.com/en-us/dotnet/core/install/linux-ubuntu}},
    year = {2022}
}

@MISC{Create_Vm_Screens,
    author = {Petro Kolosov.},
    title = {{"VM Creation screens"}},
    howpublished = {published electronically at \url {https://drive.google.com/file/d/1odouQARBd1mV-tV6OTnj5B-bxkl0N40J/view?usp=sharing}},
    year = {2022}
}